@PREAMBLE{ "\newcommand{\mnras}{MNRAS}" }
@PREAMBLE{ "\newcommand{\prd}{Phys. Rev. D}" }
@PREAMBLE{ "\newcommand{\apj}{ApJ}" }
@PREAMBLE{ "\newcommand{\apjs}{ApJS}" }
@PREAMBLE{ "\newcommand{\nat}{Nature}" }
@PREAMBLE{ "\newcommand{\apjl}{ApJ}" }
@PREAMBLE{ "\newcommand{\aap}{A\&A}" }
@PREAMBLE{ "\newcommand{\pasp}{PASP}" }

@article{vanHaasteran2009,
  title={Bayesian evidence: can we beat MultiNest using traditional MCMC methods?},
  author={van Haasteren, Rutger},
  journal={arXiv preprint arXiv:0911.2150},
  year={2009}
}

@ARTICLE{Foreman-Mackay2013,
   author = {{Foreman-Mackey}, D. and {Hogg}, D.~W. and {Lang}, D. and {Goodman}, J.
	},
    title = "{emcee: The MCMC Hammer}",
  journal = {\pasp},
archivePrefix = "arXiv",
   eprint = {1202.3665},
 primaryClass = "astro-ph.IM",
 keywords = {Data Analysis and Techniques},
     year = 2013,
    month = mar,
   volume = 125,
    pages = {306-312},
      doi = {10.1086/670067},
   adsurl = {http://adsabs.harvard.edu/abs/2013PASP..125..306F},
  adsnote = {Provided by the SAO/NASA Astrophysics Data System}
}

@article{Newton1994,
  title={Approximate Bayesian inference with the weighted likelihood bootstrap},
  author={Newton, Michael A and Raftery, Adrian E},
  journal={Journal of the Royal Statistical Society. Series B (Methodological)},
  pages={3--48},
  year={1994},
  publisher={JSTOR}
}

@article{Goodman2010,
    author = {{Goodman}, J. and {Weare}, J.},
    title = {Ensemble samplers with affine invariance},
    journal = {Comm. App. Math. Comp. Sci.}, 
    year = 2012,
    volume = 5, 
}

@book{jaynes2003probability,
  title={Probability theory: the logic of science},
  author={Jaynes, Edwin T},
  year={2003},
  publisher={Cambridge university press}
}

@book{gelman2013bayesian,
  title={Bayesian data analysis},
  author={Gelman, Andrew and Carlin, John B and Stern, Hal S and Dunson, David B and Vehtari, Aki and Rubin, Donald B},
  year={2013},
  publisher={CRC press}
}

@article{gelman2006prior,
  title={Prior distributions for variance parameters in hierarchical models (comment on article by Browne and Draper)},
  author={Gelman, Andrew and others},
  journal={Bayesian analysis},
  volume={1},
  number={3},
  pages={515--534},
  year={2006},
  publisher={International Society for Bayesian Analysis}
}

@ARTICLE{ALigo,
   author = {{Harry}, G.~M. and {LIGO Scientific Collaboration}},
    title = "{Advanced LIGO: the next generation of gravitational wave detectors}",
  journal = {Classical and Quantum Gravity},
     year = 2010,
    month = apr,
   volume = 27,
   number = 8,
      eid = {084006},
    pages = {084006},
      doi = {10.1088/0264-9381/27/8/084006},
   adsurl = {http://adsabs.harvard.edu/abs/2010CQGra..27h4006H},
  adsnote = {Provided by the SAO/NASA Astrophysics Data System}
}


@ARTICLE{GEO,
   author = {{Grote}, H. and {LIGO Scientific Collaboration}},
    title = "{The GEO 600 status}",
  journal = {Classical and Quantum Gravity},
     year = 2010,
    month = apr,
   volume = 27,
   number = 8,
      eid = {084003},
    pages = {084003},
      doi = {10.1088/0264-9381/27/8/084003},
   adsurl = {http://adsabs.harvard.edu/abs/2010CQGra..27h4003G},
  adsnote = {Provided by the SAO/NASA Astrophysics Data System}
}

@BOOK{Abramowitz1972,
   author = {{Abramowitz}, M. and {Stegun}, I.~A.},
    title = "{Handbook of Mathematical Functions}",
booktitle = {Handbook of Mathematical Functions, New York: Dover, 1972},
     year = 1972,
   adsurl = {http://adsabs.harvard.edu/abs/1972hmfw.book.....A},
  adsnote = {Provided by the SAO/NASA Astrophysics Data System}
}

@Article{	  Akgun2006,
  author	= {{Akg{\"u}n}, T. and {Link}, B. and {Wasserman}, I.},
  title		= "{Precession of the isolated neutron star PSR B1828-11}",
  journal	= {\mnras},
  eprint	= {astro-ph/0506606},
  keywords	= {methods: data analysis, pulsars: individual: PSR B1828-11,
		  stars: rotation},
  year		= 2006,
  month		= jan,
  volume	= 365,
  pages		= {653-672},
  doi		= {10.1111/j.1365-2966.2005.09745.x},
  adsurl	= {http://adsabs.harvard.edu/abs/2006MNRAS.365..653A},
  adsnote	= {Provided by the SAO/NASA Astrophysics Data System}
}

@Article{	  Anderson1975,
  author	= {Anderson, PW and Itoh, N},
  journal	= {\nat},
  title		= {{Pulsar glitches and restlessness as a hard superfluidity
		  phenomenon}},
  url		= {http://www.nature.com/nature/journal/v256/n5512/abs/256025a0.html}
		  ,
  year		= {1975}
}

@Article{	  Arzoumanian1994,
  author	= {{Arzoumanian}, Z. and {Nice}, D.~J. and {Taylor}, J.~H.
		  and {Thorsett}, S.~E.},
  title		= "{Timing behavior of 96 radio pulsars}",
  journal	= {\apj},
  keywords	= {Pulsars, Pulse Amplitude, Pulse Duration, Pulsed
		  Radiation, Radio Astronomy, Time Measurement, Data
		  Acquisition, Decimeter Waves, Radio Telescopes, Ultrahigh
		  Frequencies},
  year		= 1994,
  month		= feb,
  volume	= 422,
  pages		= {671-680},
  doi		= {10.1086/173760},
  adsurl	= {http://adsabs.harvard.edu/abs/1994ApJ...422..671A},
  adsnote	= {Provided by the SAO/NASA Astrophysics Data System}
}

@ARTICLE{Ashton2014,
   author = {{Ashton}, G. and {Jones}, D.~I. and {Prix}, R.},
    title = "{The effect of timing noise on targeted and narrow-band coherent searches for continuous gravitational waves}",
  journal = {ArXiv e-prints},
archivePrefix = "arXiv",
   eprint = {1410.8044},
 primaryClass = "gr-qc",
 keywords = {General Relativity and Quantum Cosmology, Astrophysics - Instrumentation and Methods for Astrophysics, Astrophysics - Solar and Stellar Astrophysics},
     year = 2014,
    month = oct,
   adsurl = {http://adsabs.harvard.edu/abs/2014arXiv1410.8044A},
  adsnote = {Provided by the SAO/NASA Astrophysics Data System}
}

@Article{	  ATNF,
  author	= {{Manchester}, R.~N. and {Hobbs}, G.~B. and {Teoh}, A. and
		  {Hobbs}, M. },
  title		= "{The Australia Telescope National Facility Pulsar
		  Catalogue}",
  journal	= {The Astronomical Journal},
  eprint	= {astro-ph/0412641},
  keywords	= {Catalogs, Stars: Pulsars: General},
  year		= 2005,
  month		= apr,
  volume	= 129,
  pages		= {1993-2006},
  doi		= {10.1086/428488},
  adsurl	= {http://adsabs.harvard.edu/abs/2005AJ....129.1993M},
  adsnote	= {Provided by the SAO/NASA Astrophysics Data System}
}

@Article{	  Baade1934,
  author	= {{Baade}, W. and {Zwicky}, F.},
  title		= "{Cosmic Rays from Super-novae}",
  journal	= {Proceedings of the National Academy of Science},
  year		= 1934,
  month		= may,
  volume	= 20,
  pages		= {259-263},
  doi		= {10.1073/pnas.20.5.259},
  adsurl	= {http://adsabs.harvard.edu/abs/1934PNAS...20..259B},
  adsnote	= {Provided by the SAO/NASA Astrophysics Data System}
}

@Article{	  Baym1969,
  author	= {{Baym}, G. and {Pethick}, C. and {Pines}, D.},
  title		= "{Superfluidity in Neutron Stars}",
  journal	= {\nat},
  year		= 1969,
  month		= nov,
  pages		= {673-674},
  doi		= {10.1038/224673a0},
  adsurl	= {http://adsabs.harvard.edu/abs/1969Natur.224..673B},
  adsnote	= {Provided by the SAO/NASA Astrophysics Data System}
}

@Article{	  Biryukov2012,
  author	= {Biryukov, A. and Beskin, G. and Karpov, S.},
  doi		= {10.1111/j.1365-2966.2011.20005.x},
  issn		= {00358711},
  journal	= {\mnras},
  keywords	= {1 i n t,general,methods,periodic variable astrophysical
		  objects,powered by neutron star,pulsars,radio pulsars are
		  highly,ro d u c,rotation with periods
		  evolving,statistical,t i o n,with time},
  month		= feb,
  number	= {1},
  pages		= {103--117},
  title		= {{Monotonic and cyclic components of radio pulsar
		  spin-down}},
  url		= {http://doi.wiley.com/10.1111/j.1365-2966.2011.20005.x},
  volume	= {420},
  year		= {2012}
}

@Article{	  Bondi1955,
  author	= {{Bondi}, H. and {Gold}, T.},
  title		= "{On the Damping of the Free Nutation of the Earth}",
  journal	= {Geophysical Journal International},
  year		= 1955,
  month		= oct,
  volume	= 7,
  pages		= {102-102},
  doi		= {10.1111/j.1365-246X.1955.tb00384.x},
  adsurl	= {http://adsabs.harvard.edu/abs/1955GeoJI...7..102B},
  adsnote	= {Provided by the SAO/NASA Astrophysics Data System}
}

@Article{	  Boynton1972,
  author	= {Boynton, PE and Groth, EJ},
  journal	= {The Astrophysical Journal},
  title		= {{Optical timing of the Crab pulsar, NP 0532}},
  url		= {http://onlinelibrary.wiley.com/doi/10.1002/cbdv.200490137/abstract
		  http://adsabs.harvard.edu/full/1972ApJ...175..217B},
  year		= {1972}
}

@Article{	  Brady1998,
  author	= {{Brady}, P.~R. and {Creighton}, T. and {Cutler}, C. and
		  {Schutz}, B.~F. },
  title		= "{Searching for periodic sources with LIGO}",
  journal	= {\prd},
  eprint	= {gr-qc/9702050},
  keywords	= {Gravitational radiation detectors, mass spectrometers, and
		  other instrumentation and techniques, Gravitational wave
		  detectors and experiments, Mathematical procedures and
		  computer techniques, Pulsars},
  year		= 1998,
  month		= feb,
  volume	= 57,
  pages		= {2101-2116},
  doi		= {10.1103/PhysRevD.57.2101},
  adsurl	= {http://adsabs.harvard.edu/abs/1998PhRvD..57.2101B},
  adsnote	= {Provided by the SAO/NASA Astrophysics Data System}
}

@Article{	  Chadwick1932,
  title		= {The existence of a neutron},
  author	= {Chadwick, James},
  publisher	= {The Royal Society},
  pages		= {692--708},
  year		= 1932,
  journal	= {Proceedings of the Royal Society of London. Series A},
  number	= 830,
  volume	= 136
}

@Article{	  Chandrasekhar1931,
  author	= {{Chandrasekhar}, S.},
  title		= "{The Maximum Mass of Ideal White Dwarfs}",
  journal	= {The Astrophysical Journal},
  year		= 1931,
  month		= jul,
  volume	= 74,
  pages		= {81},
  doi		= {10.1086/143324},
  adsurl	= {http://adsabs.harvard.edu/abs/1931ApJ....74...81C},
  adsnote	= {Provided by the SAO/NASA Astrophysics Data System}
}

@Article{	  Cheng1987,
  author	= {Cheng, KS},
  journal	= {The Astrophysical Journal},
  title		= {{Outer magnetospheric fluctuations and pulsar timing
		  noise}},
  url		= {http://adsabs.harvard.edu/full/1987ApJ...321..799C},
  year		= {1987}
}

@Article{	  Cordes1980,
  author	= {{Cordes}, J.~M.},
  title		= "{Pulsar timing. II - Analysis of random walk timing noise
		  - Application to the Crab pulsar}",
  journal	= {\apj},
  keywords	= {Crab Nebula, Pulsars, Random Walk, Stellar Rotation,
		  Analysis Of Variance, Irregularities, Random Errors,
		  Stellar Models, Torque},
  year		= 1980,
  month		= apr,
  volume	= 237,
  pages		= {216-226},
  doi		= {10.1086/157861},
  adsurl	= {http://adsabs.harvard.edu/abs/1980ApJ...237..216C},
  adsnote	= {Provided by the SAO/NASA Astrophysics Data System}
}

@Article{	  Cordes1981,
  author	= {{Cordes}, J.~M. and {Greenstein}, G.},
  title		= "{Pulsar timing. IV - Physical models for timing noise
		  processes}",
  journal	= {APJ},
  keywords	= {PULSARS, ROTARY STABILITY, STELLAR MODELS, STELLAR
		  ROTATION, TIME MEASUREMENT, ENERGY DISSIPATION, RANDOM
		  PROCESSES, STARQUAKES, SUPERFLUIDITY, TORQUE},
  year		= 1981,
  month		= may,
  volume	= 245,
  pages		= {1060-1079},
  doi		= {10.1086/158883},
  adsurl	= {http://adsabs.harvard.edu/abs/1981ApJ...245.1060C},
  adsnote	= {Provided by the SAO/NASA Astrophysics Data System}
}

@Article{	  Cordes1985,
  author	= {{Cordes}, J.~M. and {Downs}, G.~S.},
  title		= "{JPL pulsar timing observations. III - Pulsar rotation
		  fluctuations}",
  journal	= {\apjs},
  keywords	= {Pulsars, Stellar Rotation, Angular Velocity, Periodic
		  Variations, Statistical Tests, Stellar Activity, Time
		  Measurement},
  year		= 1985,
  month		= nov,
  volume	= 59,
  pages		= {343-382},
  doi		= {10.1086/191076},
  adsurl	= {http://adsabs.harvard.edu/abs/1985ApJS...59..343C},
  adsnote	= {Provided by the SAO/NASA Astrophysics Data System}
}

@InCollection{	  Cordes1989,
  year		= {1989},
  isbn		= {978-94-010-7519-0},
  booktitle	= {Timing Neutron Stars},
  volume	= {262},
  series	= {NATO ASI Series},
  editor	= {Ögelman, H. and Heuvel, E.P.J.},
  doi		= {10.1007/978-94-009-2273-0_7},
  title		= {The Scaling of Radio Pulsar Timing Noise with Spin
		  Parameters},
  url		= {http://dx.doi.org/10.1007/978-94-009-2273-0_7},
  publisher	= {Springer Netherlands},
  keywords	= {pulsars — stars; neutron},
  author	= {Dewey, RachelJ. and Cordes, JamesM.},
  pages		= {119-124},
  language	= {English}
}

@InProceedings{	  Cordes1993,
  author	= {Cordes, JM},
  booktitle	= {Planets around pulsars},
  pages		= {43--60},
  title		= {{The detectability of planetary companions to radio
		  pulsars}},
  url		= {http://adsabs.harvard.edu/full/1993ASPC...36...43C},
  year		= {1993}
}

@Article{	  Cordes2008,
  author	= {{Cordes}, J.~M. and {Shannon}, R.~M.},
  title		= "{Rocking the Lighthouse: Circumpulsar Asteroids and Radio
		  Intermittency}",
  journal	= {\apj},
  eprint	= {astro-ph/0605145},
  keywords	= {Acceleration of Particles, Accretion, Accretion Disks,
		  Stars: Pulsars: General, pulsars: individual (B0656+14),
		  pulsars: individual (B1931+24), Stars: Neutron},
  year		= 2008,
  month		= aug,
  volume	= 682,
  pages		= {1152-1165},
  doi		= {10.1086/589425},
  adsurl	= {http://adsabs.harvard.edu/abs/2008ApJ...682.1152C},
  adsnote	= {Provided by the SAO/NASA Astrophysics Data System}
}

@Article{	  Cordes2013,
  author	= {{Cordes}, J.~M.},
  title		= "{Pulsar State Switching from Markov Transitions and
		  Stochastic Resonance}",
  journal	= {ApJ},
  archiveprefix	= "arXiv",
  eprint	= {1304.5803},
  primaryclass	= "astro-ph.HE",
  keywords	= {acceleration of particles, instabilities, magnetic fields,
		  plasmas, pulsars: general, stars: neutron },
  year		= 2013,
  month		= sep,
  volume	= 775,
  eid		= {47},
  pages		= {47},
  doi		= {10.1088/0004-637X/775/1/47},
  adsurl	= {http://adsabs.harvard.edu/abs/2013ApJ...775...47C},
  adsnote	= {Provided by the SAO/NASA Astrophysics Data System}
}

@Article{	  Cutler2003,
  author	= {Cutler, Curt and Ushomirsky, Greg and Link, Bennett},
  number	= {Jones 2000},
  pages		= {975--991},
  title		= {{THE CRUSTAL RIGIDITY OF A NEUTRON STAR AND IMPLICATIONS
		  FOR PSR B1828\`{A}11 AND OTHER PRECESSION CANDIDATES Curt
		  Cutler}},
  year		= {2003}
}

@Article{	  Davis1970,
  annote	= {Possibly the first hints of precession.},
  author	= {Davis, L and Goldstein, M},
  journal	= {The Astrophysical Journal},
  title		= {{Magnetic-dipole alignment in pulsars}},
  url		= {http://adsabs.harvard.edu/full/1970ApJ...159L..81D},
  volume	= {159},
  year		= {1970}
}

@Article{	  Deutsch1955,
  author	= {Deutsch, AJ},
  journal	= {Annales d'Astrophysique},
  title		= {{The electromagnetic field of an idealized star in rigid
		  rotation in vacuo}},
  url		= {http://adsabs.harvard.edu/full/1955AnAp...18....1D},
  year		= {1955}
}

@Article{	  Edwards2006,
  author	= {{Edwards}, R.~T. and {Hobbs}, G.~B. and {Manchester},
		  R.~N.},
  title		= "{TEMPO2, a new pulsar timing package - II. The timing
		  model and precision estimates}",
  journal	= {\mnras},
  eprint	= {astro-ph/0607664},
  keywords	= {methods: data analysis, astrometry, celestial mechanics,
		  time, pulsars: general},
  year		= 2006,
  month		= nov,
  volume	= 372,
  pages		= {1549-1574},
  doi		= {10.1111/j.1365-2966.2006.10870.x},
  adsurl	= {http://adsabs.harvard.edu/abs/2006MNRAS.372.1549E},
  adsnote	= {Provided by the SAO/NASA Astrophysics Data System}
}

@Article{	  Espinoza2011,
  author	= {{Espinoza}, C.~M. and {Lyne}, A.~G. and {Stappers}, B.~W.
		  and {Kramer}, M.},
  title		= "{A study of 315 glitches in the rotation of 102 pulsars}",
  journal	= {\mnras},
  archiveprefix	= "arXiv",
  eprint	= {1102.1743},
  primaryclass	= "astro-ph.HE",
  keywords	= {stars: neutron, pulsars: general},
  year		= 2011,
  month		= jun,
  volume	= 414,
  pages		= {1679-1704},
  doi		= {10.1111/j.1365-2966.2011.18503.x},
  adsurl	= {http://adsabs.harvard.edu/abs/2011MNRAS.414.1679E},
  adsnote	= {Provided by the SAO/NASA Astrophysics Data System}
}

@Book{		  Feller1968,
  title		= {An Introduction to Probability Theory and Its
		  Applications},
  address	= {New York},
  author	= {Feller, William},
  biburl	= {http://www.bibsonomy.org/bibtex/2d8064d3a0c650a46aeb8c889eea08584/peter.ralph}
		  ,
  description	= {Feller volume 2},
  keywords	= {feller reference},
  mrclass	= {60.00},
  mrnumber	= {MR0228020 (37 \#3604)},
  mrreviewer	= {J. G. Wendel},
  pages		= {xviii+509},
  year		= {1968},
  publisher	= {John Wiley \& Sons Inc.},
  series	= {Third edition}
}

@Article{	  Glampedakis2010,
  author	= {Glampedakis, K. and Jones, D. I.},
  doi		= {10.1111/j.1745-3933.2010.00846.x},
  issn		= {17453925},
  journal	= {Monthly Notices of the Royal Astronomical Society:
		  Letters},
  keywords	= {1 i n t,14 g,and long spin,neutron,ro d u c,rotation,star
		  population with ultra-,stars,strong magnetic fields,subset
		  of the neutron,t i o n,the magnetars are a,typically
		  greater than 10},
  month		= apr,
  number	= {1},
  pages		= {L6--L10},
  title		= {{Implications of magnetar non-precession}},
  url		= {http://doi.wiley.com/10.1111/j.1745-3933.2010.00846.x},
  volume	= {405},
  year		= {2010}
}

@Article{	  Gold1968,
  author	= {{Gold}, T.},
  title		= "{Rotating Neutron Stars as the Origin of the Pulsating
		  Radio Sources}",
  journal	= {Nature},
  year		= 1968,
  month		= may,
  volume	= 218,
  pages		= {731-732},
  doi		= {10.1038/218731a0},
  adsurl	= {http://adsabs.harvard.edu/abs/1968Natur.218..731G},
  adsnote	= {Provided by the SAO/NASA Astrophysics Data System}
}

@Article{	  Goldreich1969,
  author	= {Goldreich, P and Julian, WH},
  journal	= {The Astrophysical Journal},
  title		= {{Pulsar electrodynamics}},
  url		= {http://adsabs.harvard.edu/full/1969ApJ...157..869G},
  year		= {1969}
}

@Article{	  Goldreich1970,
  author	= {Goldreich, P},
  journal	= {The Astrophysical Journal},
  title		= {{Neutron star crusts and alignment of magnetic axes in
		  pulsars}},
  url		= {http://adsabs.harvard.edu/full/1970ApJ...160L..11G},
  year		= {1970}
}

@Article{	  Grassberger1983,
  author	= {{Grassberger}, P. and {Procaccia}, I.},
  title		= "{Characterization of strange attractors}",
  journal	= {Physical Review Letters},
  keywords	= {Plasma turbulence},
  year		= 1983,
  month		= jan,
  volume	= 50,
  pages		= {346-349},
  doi		= {10.1103/PhysRevLett.50.346},
  adsurl	= {http://adsabs.harvard.edu/abs/1983PhRvL..50..346G},
  adsnote	= {Provided by the SAO/NASA Astrophysics Data System}
}

@Article{	  Hewish1968,
  author	= {{Hewish}, A. and {Bell}, S.~J. and {Pilkington}, J.~D.~H.
		  and {Scott}, P.~F. and {Collins}, R.~A.},
  title		= "{Observation of a Rapidly Pulsating Radio Source}",
  journal	= {\nat},
  year		= 1968,
  month		= feb,
  volume	= 217,
  pages		= {709-713},
  doi		= {10.1038/217709a0},
  adsurl	= {http://adsabs.harvard.edu/abs/1968Natur.217..709H},
  adsnote	= {Provided by the SAO/NASA Astrophysics Data System}
}

@Article{	  Hobbs2006,
  author	= {{Hobbs}, G. and {Edwards}, R. and {Manchester}, R.},
  title		= "{TEMPO2: a New Pulsar Timing Package}",
  journal	= {Chinese Journal of Astronomy and Astrophysics Supplement},
  keywords	= {methods: data analysis, pulsars: general, ephemerides},
  year		= 2006,
  month		= dec,
  volume	= 6,
  number	= 2,
  pages		= {189-192},
  adsurl	= {http://adsabs.harvard.edu/abs/2006ChJAS...6b.189H},
  adsnote	= {Provided by the SAO/NASA Astrophysics Data System}
}

@Article{	  Hobbs2010,
  author	= {Hobbs, G. and Lyne, a. G. and Kramer, M.},
  doi		= {10.1111/j.1365-2966.2009.15938.x},
  issn		= {00358711},
  journal	= {Monthly Notices of the Royal Astronomical Society},
  keywords	= {1 i n t,6000 years of pulsar,archive of pulsar
		  observations,contains over,general,pulsars,ro d u
		  c,rotational history,t i o n,the jodrell bank data,the
		  pulsar timing method},
  month		= feb,
  number	= {2},
  pages		= {1027--1048},
  title		= {{An analysis of the timing irregularities for 366
		  pulsars}},
  url		= {http://doi.wiley.com/10.1111/j.1365-2966.2009.15938.x},
  volume	= {402},
  year		= {2010}
}

@Article{	  Hulse1975,
  author	= {{Hulse}, R.~A. and {Taylor}, J.~H.},
  title		= "{Discovery of a pulsar in a binary system}",
  journal	= {\apjl},
  keywords	= {Binary Stars, Orbital Elements, Pulsars, Relativistic
		  Effects, Black Holes (Astronomy), Companion Stars,
		  Eccentric Orbits, Mass Ratios, Neutron Stars, Radial
		  Velocity, Velocity Distribution},
  year		= 1975,
  month		= jan,
  volume	= 195,
  pages		= {L51-L53},
  doi		= {10.1086/181708},
  adsurl	= {http://adsabs.harvard.edu/abs/1975ApJ...195L..51H},
  adsnote	= {Provided by the SAO/NASA Astrophysics Data System}
}

@article{Taylor1982,
  title={A new test of general relativity-Gravitational radiation and the binary pulsar PSR 1913+ 16},
  author={Taylor, Joseph H and Weisberg, Joel M},
  journal={The Astrophysical Journal},
  volume={253},
  pages={908--920},
  year={1982}
}

@Article{	  Janssen2006,
  author	= {{Janssen}, G.~H. and {Stappers}, B.~W.},
  title		= "{30 glitches in slow pulsars}",
  journal	= {\aap},
  eprint	= {astro-ph/0607260},
  keywords	= {stars: neutron, pulsars: general},
  year		= 2006,
  month		= oct,
  volume	= 457,
  pages		= {611-618},
  doi		= {10.1051/0004-6361:20065267},
  adsurl	= {http://adsabs.harvard.edu/abs/2006A%26A...457..611J},
  adsnote	= {Provided by the SAO/NASA Astrophysics Data System}
}

@Article{	  Jaranowski1998,
  author	= {{Jaranowski}, P. and {Kr{\'o}lak}, A. and {Schutz}, B.~F.},
  title		= "{Data analysis of gravitational-wave signals from spinning
		  neutron stars: The signal and its detection}",
  journal	= {Physical Review D},
  eprint	= {gr-qc/9804014},
  keywords	= {Gravitational radiation detectors, mass spectrometers, and
		  other instrumentation and techniques, Gravitational wave
		  detectors and experiments, Mathematical procedures and
		  computer techniques, Pulsars},
  year		= 1998,
  month		= sep,
  volume	= 58,
  number	= 6,
  eid		= {063001},
  pages		= {063001},
  doi		= {10.1103/PhysRevD.58.063001},
  adsurl	= {http://adsabs.harvard.edu/abs/1998PhRvD..58f3001J},
  adsnote	= {Provided by the SAO/NASA Astrophysics Data System}
}

@Article{	  Jones2001,
  author	= {Jones, D. I. and Andersson, N.},
  doi		= {10.1046/j.1365-8711.2001.04251.x},
  issn		= {00358711},
  journal	= {Monthly Notices of the Royal Astronomical Society},
  keywords	= {analytical,general,methods,neutron,pulsars,stars,stellar
		  dynamics},
  month		= jul,
  number	= {4},
  pages		= {811--824},
  title		= {{Freely precessing neutron stars: model and
		  observations}},
  url		= {http://doi.wiley.com/10.1046/j.1365-8711.2001.04251.x},
  volume	= {324},
  year		= {2001}
}

@Article{	  Jones2002,
  author	= {Jones, DI and Andersson, N},
  journal	= {Monthly Notices of the Royal \ldots},
  title		= {{Gravitational waves from freely precessing neutron
		  stars}},
  url		= {http://onlinelibrary.wiley.com/doi/10.1046/j.1365-8711.2002.05180.x/full}
		  ,
  year		= {2002}
}

@Article{	  Jones2004,
  author	= {Jones, D.},
  doi		= {10.1103/PhysRevD.70.042002},
  issn		= {1550-7998},
  journal	= {Physical Review D},
  month		= aug,
  number	= {4},
  pages		= {1--9},
  title		= {{Is timing noise important in the gravitational wave
		  detection of neutron stars?}},
  url		= {http://link.aps.org/doi/10.1103/PhysRevD.70.042002},
  volume	= {70},
  year		= {2004}
}

@Article{	  Jones2012,
  author	= {Jones, D. I.},
  doi		= {10.1111/j.1365-2966.2011.20238.x},
  issn		= {00358711},
  journal	= {Monthly Notices of the Royal Astronomical Society},
  keywords	= {dense matter,general,neutron,oscillations,pulsars,stars},
  month		= mar,
  number	= {3},
  pages		= {2325--2338},
  title		= {{Pulsar state switching, timing noise and free
		  precession}},
  url		= {http://doi.wiley.com/10.1111/j.1365-2966.2011.20238.x},
  volume	= {420},
  year		= {2012}
}

@Article{	  Jung1991,
  author	= {Jung, Peter},
  number	= {12},
  title		= {Amplification of small signals via stochastic resonance},
  journal	= {Phys. Rev. A},
  volume	= {44},
  year		= {1991}
}

@InProceedings{	  Kaspi1996,
  author	= {{Kaspi}, V.~M.},
  title		= "{Pulsar/Supernova Remnant Associations}",
  booktitle	= {IAU Colloq. 160: Pulsars: Problems and Progress},
  year		= 1996,
  series	= {Astronomical Society of the Pacific Conference Series},
  volume	= 105,
  editor	= {{Johnston}, S. and {Walker}, M.~A. and {Bailes}, M.},
  pages		= {375},
  adsurl	= {http://adsabs.harvard.edu/abs/1996ASPC..105..375K},
  adsnote	= {Provided by the SAO/NASA Astrophysics Data System}
}

@Article{	  Kramer2006,
  author	= {{Kramer}, M. and {Lyne}, A.~G. and {O'Brien}, J.~T. and
		  {Jordan}, C.~A. and {Lorimer}, D.~R.},
  title		= "{A Periodically Active Pulsar Giving Insight into
		  Magnetospheric Physics}",
  journal	= {Science},
  eprint	= {astro-ph/0604605},
  year		= 2006,
  month		= apr,
  volume	= 312,
  pages		= {549-551},
  doi		= {10.1126/science.1124060},
  adsurl	= {http://adsabs.harvard.edu/abs/2006Sci...312..549K},
  adsnote	= {Provided by the SAO/NASA Astrophysics Data System}
}

@Article{	  KramerStairs2006,
  author	= {{Kramer}, M. and {Stairs}, I.~H. and {Manchester}, R.~N.
		  and {McLaughlin}, M.~A. and {Lyne}, A.~G. and {Ferdman},
		  R.~D. and {Burgay}, M. and {Lorimer}, D.~R. and {Possenti},
		  A. and {D'Amico}, N. and {Sarkissian}, J.~M. and {Hobbs},
		  G.~B. and {Reynolds}, J.~E. and {Freire}, P.~C.~C. and
		  {Camilo}, F.},
  title		= "{Tests of General Relativity from Timing the Double
		  Pulsar}",
  journal	= {Science},
  eprint	= {astro-ph/0609417},
  year		= 2006,
  month		= oct,
  volume	= 314,
  pages		= {97-102},
  doi		= {10.1126/science.1132305},
  adsurl	= {http://adsabs.harvard.edu/abs/2006Sci...314...97K},
  adsnote	= {Provided by the SAO/NASA Astrophysics Data System}
}

@Misc{		  lalsuite,
  title		= {{LALSuite: FreeSoftware (GPL) Tools for Data-Analysis}},
  author	= {{LIGO Scientific Collaboration}},
  year		= 2014,
  url		= {https://www.lsc-group.phys.uwm.edu/daswg/projects/lalsuite.html}
		  
}

@Book{		  Landau1969,
  author	= {{Landau}, L.~D. and {Lifshitz}, E.~M.},
  title		= "{Mechanics}",
  booktitle	= {Course of Theoretical Physics, Oxford: Pergamon Press,
		  1969, 2nd ed.},
  year		= 1969,
  publisher	= {Pergamon press},
  adsurl	= {http://adsabs.harvard.edu/abs/1969mech.book.....L},
  adsnote	= {Provided by the SAO/NASA Astrophysics Data System}
}

@Article{	  LIGO2008,
  author	= {{Abbott}, B. and {Abbott}, R. and {Adhikari}, R. and
		  {Ajith}, P. and {Allen}, B. and {Allen}, G. and {Amin}, R.
		  and {Anderson}, S.~B. and {Anderson}, W.~G. and {Arain},
		  M.~A. and et al.},
  title		= "{Beating the Spin-Down Limit on Gravitational Wave
		  Emission from the Crab Pulsar}",
  journal	= "{\apj}",
  archiveprefix	= "arXiv",
  eprint	= {0805.4758},
  keywords	= {Gravitational Waves, pulsars: individual (Crab pulsar)},
  year		= 2008,
  month		= aug,
  volume	= 683,
  pages		= {L45-L49},
  doi		= {10.1086/591526},
  adsurl	= {http://adsabs.harvard.edu/abs/2008ApJ...683L..45A},
  adsnote	= {Provided by the SAO/NASA Astrophysics Data System}
}

@Article{	  LIGO2009,
  author	= {{Abbott}, B.~P. and {Abbott}, R. and {Acernese}, F. and
		  {Adhikari}, R. and {Ajith}, P. and {Allen}, B. and {Allen},
		  G. and {Alshourbagy}, M. and {Amin}, R.~S. and {Anderson},
		  S.~B. and et al.},
  title		= "{An upper limit on the stochastic gravitational-wave
		  background of cosmological origin}",
  journal	= {Nature},
  archiveprefix	= "arXiv",
  eprint	= {0910.5772},
  primaryclass	= "astro-ph.CO",
  year		= 2009,
  month		= aug,
  volume	= 460,
  pages		= {990-994},
  doi		= {10.1038/nature08278},
  adsurl	= {http://adsabs.harvard.edu/abs/2009Natur.460..990A},
  adsnote	= {Provided by the SAO/NASA Astrophysics Data System}
}

@Article{	  LIGO2013_EAH,
  author	= {{Aasi}, J. and {Abadie}, J. and {Abbott}, B.~P. and
		  {Abbott}, R. and {Abbott}, T.~D. and {Abernathy}, M. and
		  {Accadia}, T. and {Acernese}, F. and {Adams}, C. and
		  {Adams}, T. and et al.},
  title		= "{Einstein@Home all-sky search for periodic gravitational
		  waves in LIGO S5 data}",
  journal	= {Physical Review D},
  archiveprefix	= "arXiv",
  eprint	= {1207.7176},
  primaryclass	= "gr-qc",
  keywords	= {Gravitational wave detectors and experiments,
		  Gravitational radiation detectors, mass spectrometers, and
		  other instrumentation and techniques, Pulsars, Data
		  analysis: algorithms and implementation, data management},
  year		= 2013,
  month		= feb,
  volume	= 87,
  number	= 4,
  eid		= {042001},
  pages		= {042001},
  doi		= {10.1103/PhysRevD.87.042001},
  adsurl	= {http://adsabs.harvard.edu/abs/2013PhRvD..87d2001A},
  adsnote	= {Provided by the SAO/NASA Astrophysics Data System}
}

@ARTICLE{LIGO2014,
   author = {{The LIGO Scientific Collaboration} and {the Virgo Collaboration} and 
	{Aasi}, J. and {Abbott}, B.~P. and {Abbott}, R. and {Abbott}, T. and 
	{Abernathy}, M.~R. and {Acernese}, F. and {Ackley}, K. and {Adams}, C. and et al.},
    title = "{Narrow-band search of continuous gravitational-wave signals from Crab and Vela pulsars in Virgo VSR4 data}",
  journal = {ArXiv e-prints},
archivePrefix = "arXiv",
   eprint = {1410.8310},
 primaryClass = "astro-ph.IM",
 keywords = {Astrophysics - Instrumentation and Methods for Astrophysics, Astrophysics - High Energy Astrophysical Phenomena, General Relativity and Quantum Cosmology},
     year = 2014,
    month = oct,
   adsurl = {http://adsabs.harvard.edu/abs/2014arXiv1410.8310T},
  adsnote = {Provided by the SAO/NASA Astrophysics Data System}
}

@Article{	  Lyne1993,
  author	= {{Lyne}, A.~G. and {Pritchard}, R.~S. and {Graham-Smith},
		  F.},
  title		= "{Twenty-Three Years of Crab Pulsar Rotational History}",
  journal	= {\mnras},
  keywords	= {stars: neutron - pulsars: individual: Crab - stars:
		  rotation},
  year		= 1993,
  month		= dec,
  volume	= 265,
  pages		= {1003},
  adsurl	= {http://adsabs.harvard.edu/abs/1993MNRAS.265.1003L},
  adsnote	= {Provided by the SAO/NASA Astrophysics Data System}
}

@InProceedings{	  Lyne2000,
  author	= {{Lyne}, A.~G. and {Stairs}, I.~H. and {Shemar}, S.~L.},
  title		= "{Periodicities in Rotation and Pulse Shape in PSR
		  B1828-11}",
  booktitle	= {IAU Colloq. 177: Pulsar Astronomy - 2000 and Beyond},
  year		= 2000,
  series	= {Astronomical Society of the Pacific Conference Series},
  volume	= 202,
  editor	= {{Kramer}, M. and {Wex}, N. and {Wielebinski}, R.},
  pages		= {93},
  adsurl	= {http://adsabs.harvard.edu/abs/2000ASPC..202...93L},
  adsnote	= {Provided by the SAO/NASA Astrophysics Data System}
}

@Article{	  Lyne2010,
  author	= {{Lyne}, A. and {Hobbs}, G. and {Kramer}, M. and {Stairs},
		  I. and {Stappers}, B.},
  title		= "{Switched Magnetospheric Regulation of Pulsar Spin-Down}",
  journal	= {Science},
  archiveprefix	= "arXiv",
  eprint	= {1006.5184},
  primaryclass	= "astro-ph.GA",
  year		= 2010,
  month		= jul,
  volume	= 329,
  pages		= {408-},
  doi		= {10.1126/science.1186683},
  adsurl	= {http://adsabs.harvard.edu/abs/2010Sci...329..408L},
  adsnote	= {Provided by the SAO/NASA Astrophysics Data System}
}

@Article{	  Lyne2012,
  archiveprefix	= {arXiv},
  arxivid	= {arXiv:1212.2250v1},
  author	= {Lyne, Andrew},
  doi		= {00.0000/X000000000000000X},
  eprint	= {arXiv:1212.2250v1},
  isbn		= {0000000000000},
  number	= {291},
  pages		= {2--7},
  title		= {{Timing noise and the long-term stability of pulsar
		  profiles}},
  year		= {2012}
}

@Book{		  Lyne2012book,
  author	= {{Lyne}, A. and {Graham-Smith}, F.},
  title		= "{Pulsar Astronomy}",
  booktitle	= {Pulsar Astronomy, by Andrew Lyne , Francis Graham-Smith,
		  Cambridge, UK: Cambridge University Press, 2012},
  year		= 2012,
  publisher	= {Cambridge University Press},
  adsurl	= {http://adsabs.harvard.edu/abs/2012puas.book.....L},
  adsnote	= {Provided by the SAO/NASA Astrophysics Data System}
}

@Article{	  Manchester2005,
  author	= {Manchester, R. N. and Hobbs, G. B. and Teoh, A. and Hobbs,
		  M.},
  journal	= {The Astronomical Journal},
  title		= {{The Australia Telescope National Facility Pulsar
		  Catalogue}},
  url		= {http://adsabs.harvard.edu/full/1997MNRAS.288.1049M},
  year		= {2005},
  volume	= {129},
  number	= 4,
  pages		= 1993
}

@Article{	  Matsakis1997,
  author	= {{Matsakis}, D.~N. and {Taylor}, J.~H. and {Eubanks},
		  T.~M.},
  title		= "{A statistic for describing pulsar and clock
		  stabilities.}",
  journal	= {Astronomy \& Astrophysics},
  keywords	= {TIME, PULSARS:GENERAL, PULSARS: INDIVIDUAL: PSR B1937+21,
		  PSR B1855+09},
  year		= 1997,
  month		= oct,
  volume	= 326,
  pages		= {924-928},
  adsurl	= {http://adsabs.harvard.edu/abs/1997A%26A...326..924M},
  adsnote	= {Provided by the SAO/NASA Astrophysics Data System}
}

@Article{	  Melatos1997,
  author	= {Melatos, A},
  journal	= {Monthly Notices of the Royal Astronomical Society},
  title		= {{Spin-down of an oblique rotator with a current-starved
		  outer magnetosphere}},
  url		= {http://adsabs.harvard.edu/full/1997MNRAS.288.1049M},
  year		= {1997}
}

@Article{	  Melatos2000,
  author	= {Melatos, A.},
  doi		= {10.1046/j.1365-8711.2000.03031.x},
  issn		= {0035-8711},
  journal	= {Monthly Notices of the Royal Astronomical Society},
  keywords	= {general,neutron,pulsars,rotation,stars},
  month		= apr,
  number	= {2},
  pages		= {217--228},
  title		= {{Radiative precession of an isolated neutron star}},
  url		= {http://doi.wiley.com/10.1046/j.1365-8711.2000.03031.x},
  volume	= {313},
  year		= {2000}
}

@InProceedings{	  Michel1970,
  author	= {{Michel}, F.~C. and {Goldwire}, Jr., H.~C.},
  title		= "{Alignment of Oblique Rotators}",
  booktitle	= {Bulletin of the American Astronomical Society},
  year		= 1970,
  series	= {Bulletin of the American Astronomical Society},
  volume	= 2,
  month		= mar,
  pages		= {209},
  adsurl	= {http://adsabs.harvard.edu/abs/1970BAAS....2Q.209M},
  adsnote	= {Provided by the SAO/NASA Astrophysics Data System}
}

@Article{	  Pacini1967,
  author	= {{Pacini}, F.},
  title		= "{Energy Emission from a Neutron Star}",
  journal	= {Nature},
  year		= 1967,
  month		= nov,
  volume	= 216,
  pages		= {567-568},
  doi		= {10.1038/216567a0},
  adsurl	= {http://adsabs.harvard.edu/abs/1967Natur.216..567P},
  adsnote	= {Provided by the SAO/NASA Astrophysics Data System}
}

@ARTICLE{Pitkin2004,
   author = {{Pitkin}, M. and {Woan}, G.},
    title = "{Searching for gravitational waves from the Crab pulsar-the problem of timing noise}",
  journal = {Classical and Quantum Gravity},
   eprint = {gr-qc/0312057},
     year = 2004,
    month = mar,
   volume = 21,
    pages = {843},
      doi = {10.1088/0264-9381/21/5/069},
   adsurl = {http://adsabs.harvard.edu/abs/2004CQGra..21S.843P},
  adsnote = {Provided by the SAO/NASA Astrophysics Data System}
}


@Article{	  Prix2005,
  author	= {{Prix}, R. and {Itoh}, Y.},
  title		= "{Global parameter-space correlations of coherent searches
		  for continuous gravitational waves}",
  journal	= {Classical and Quantum Gravity},
  eprint	= {gr-qc/0504006},
  year		= 2005,
  month		= sep,
  volume	= 22,
  pages		= {1003},
  doi		= {10.1088/0264-9381/22/18/S14},
  adsurl	= {http://adsabs.harvard.edu/abs/2005CQGra..22S1003P},
  adsnote	= {Provided by the SAO/NASA Astrophysics Data System}
}

@Article{	  Prix2007,
  author	= {{Prix}, R.},
  title		= "{Search for continuous gravitational waves: Metric of the
		  multidetector F-statistic}",
  journal	= {Physical Review D},
  eprint	= {gr-qc/0606088},
  keywords	= {Mathematical procedures and computer techniques,
		  Gravitational wave detectors and experiments, Gravitational
		  radiation detectors, mass spectrometers, and other
		  instrumentation and techniques, Neutron stars},
  year		= 2007,
  month		= jan,
  volume	= 75,
  number	= 2,
  eid		= {023004},
  pages		= {023004},
  doi		= {10.1103/PhysRevD.75.023004},
  adsurl	= {http://adsabs.harvard.edu/abs/2007PhRvD..75b3004P},
  adsnote	= {Provided by the SAO/NASA Astrophysics Data System}
}

@InProceedings{	  Prix2009,
  author	= {{Prix}, R.},
  title		= "{Gravitational Waves from Spinning Neutron Stars}",
  booktitle	= {Astrophysics and Space Science Library},
  year		= 2009,
  series	= {Astrophysics and Space Science Library},
  volume	= 357,
  editor	= {{Becker}, W.},
  pages		= {651},
  doi		= {10.1007/978-3-540-76965-1_24},
  adsurl	= {http://adsabs.harvard.edu/abs/2009ASSL..357..651P},
  adsnote       = {Provided by the SAO/NASA Astrophysics Data System},
  noteignore          = {(LIGO-P060039-v3)},
  note           = {\url{https://dcc.ligo.org/LIGO-P060039/public}}
}

@Article{	  Prix2011,
  author	= {Prix, Reinhard},
  year		= {2011},
  title		= {The F -statistic and its implementation in
		  ComputeFStatistic v2}
}

@Article{	  Ruderman1969,
  author	= {Ruderman, M},
  title		= {{Neutron starquakes and pulsar periods}},
  url		= {http://www.nature.com/nature/journal/v223/n5206/abs/223597b0.html}
		  ,
  year		= {1969}
}

@Article{	  Ruderman1970,
  abstract	= {Two types of non-secular changes in pulsar frequency f
		  have been reported. One is a sudden small frequency jump
		  $\Delta$f in both NP 0532 (the Crab pulsar)1,2 and PSR 0833
		  (the Vela pulsar)3,4. The other is a slow, small amplitude
		  “wobble” of frequency v in the Crab pulsar frequency5.
		  A number of explanations for the jumps have been put
		  forward, based on the model of a pulsar as a rotating
		  neutron star: (1) the near passage of a planet in an orbit
		  of high eccentricity (unpublished work of Michel); (2) a
		  fluid instability caused by the crust of the neutron star
		  rotating more slowly than its core6; (3) a sudden
		  relaxation of strains which have built up in the stellar
		  crust (starquake)7,8. Suggested mechanisms for the wobble
		  include: (a) induced motion by yet another planet5; (b)
		  free precession of a non-spherical star (unpublished work
		  of Chiuderi and Occhionero); (c) normal mode vibrations of
		  quantized vortex lines within the rotating superfluid
		  core9.},
  author	= {Ruderman, M},
  doi		= {10.1038/225838a0},
  journal	= {Nature},
  keywords	= {Free precession},
  mendeley-tags	= {Free precession},
  pages		= {838 -- 839},
  title		= {{Pulsar wobble and neutron starquakes}},
  url		= {http://www.nature.com/nature/journal/v225/n5235/abs/225838a0.html}
		  ,
  volume	= {225},
  year		= {1970}
}

@Article{	  Sedrakian1999,
  author	= {{Sedrakian}, A. and {Wasserman}, I. and {Cordes}, J.~M.},
  title		= "{Precession of Isolated Neutron Stars. I. Effects of
		  Imperfect Pinning}",
  journal	= {\apj},
  eprint	= {astro-ph/9801188},
  keywords	= {DENSE MATTER, STARS: NEUTRON, Dense Matter, Stars:
		  Neutron},
  year		= 1999,
  month		= oct,
  volume	= 524,
  pages		= {341-360},
  doi		= {10.1086/307777},
  adsurl	= {http://adsabs.harvard.edu/abs/1999ApJ...524..341S},
  adsnote	= {Provided by the SAO/NASA Astrophysics Data System}
}

@Article{	  Seymour2013,
  author	= {{Seymour}, A.~D. and {Lorimer}, D.~R.},
  title		= "{Evidence for chaotic behaviour in pulsar spin-down
		  rates}",
  journal	= {\mnras},
  archiveprefix	= "arXiv",
  eprint	= {1209.5645},
  primaryclass	= "astro-ph.SR",
  keywords	= {chaos, methods: data analysis, stars: kinematics and
		  dynamics, pulsars: general, pulsars: individual: B1828-11,
		  stars: rotation},
  year		= 2013,
  month		= jan,
  volume	= 428,
  pages		= {983-998},
  doi		= {10.1093/mnras/sts060},
  adsurl	= {http://adsabs.harvard.edu/abs/2013MNRAS.428..983S},
  adsnote	= {Provided by the SAO/NASA Astrophysics Data System}
}

@Article{	  Shaham1977,
  abstract	= {Vortex pinning affects neutron-star free precession by
		  modifying its frequency and geometry, in a gyroscopic
		  effect. For neutron stars with low oblateness, the
		  free-precession frequency is given by the product of the
		  ratio of moments of inertia of the pinned superfluid to the
		  rigid component of the rest of the star times half the
		  superfluid vorticity. This poses a severe difficulty for
		  any interpretation of the 35-day cycle of Her X-1 in terms
		  of neutron-star wobble if vortex pinning exists.},
  author	= {Shaham, J},
  journal	= {The Astrophysical Journal},
  keywords	= {Free precession},
  mendeley-tags	= {Free precession},
  pages		= {251--260},
  title		= {{Free precession of neutron stars-Role of possible vortex
		  pinning}},
  url		= {http://adsabs.harvard.edu/full/1977ApJ...214..251S},
  volume	= {214},
  year		= {1977}
}

@Article{	  Shaltev2013,
  author	= {{Shaltev}, M. and {Prix}, R.},
  title		= "{Fully coherent follow-up of continuous gravitational-wave
		  candidates}",
  journal	= {Physical Review D},
  archiveprefix	= "arXiv",
  eprint	= {1303.2471},
  primaryclass	= "gr-qc",
  keywords	= {Gravitational waves: theory},
  year		= 2013,
  month		= apr,
  volume	= 87,
  number	= 8,
  eid		= {084057},
  pages		= {084057},
  doi		= {10.1103/PhysRevD.87.084057},
  adsurl	= {http://adsabs.harvard.edu/abs/2013PhRvD..87h4057S},
  adsnote	= {Provided by the SAO/NASA Astrophysics Data System}
}

@Book{		  Shapiro83,
  author	= {{Shapiro}, S.~L and {Teukolsky}, S.~A},
  title		= "{Black Holes, White Dwarfs, and Neutron Stars}",
  year		= 1983,
  publisher	= {John Wiley \& Sons, Inc}
}

@Article{	  Stairs2000,
  abstract	= {Pulsars are rotating neutron stars that produce
		  lighthouse-like beams of radio emission from their magnetic
		  poles. The observed pulse of emission enables their
		  rotation rates to be measured with great precision. For
		  some young pulsars, this provides a means of studying the
		  interior structure of neutron stars. Most pulsars have
		  stable pulse shapes, and slow down steadily (for example,
		  see ref. 20). Here we report the discovery of long-term,
		  highly periodic and correlated variations in both the pulse
		  shape and the rate of slow-down of the pulsar PSR B1828-11.
		  The variations are best described as harmonically related
		  sinusoids, with periods of approximately 1,000, 500 and 250
		  days, probably resulting from precession of the spin axis
		  caused by an asymmetry in the shape of the pulsar. This is
		  difficult to understand theoretically, because torque-free
		  precession of a solitary pulsar should be damped out by the
		  vortices in its superfluid interior.},
  author	= {Stairs, Ih and Lyne, Ag and Shemar, Sl},
  doi		= {10.1038/35020010},
  issn		= {1476-4687},
  journal	= {Nature},
  month		= aug,
  number	= {6795},
  pages		= {484--6},
  pmid		= {10952302},
  title		= {{Evidence for free precession in a pulsar}},
  url		= {http://www.ncbi.nlm.nih.gov/pubmed/10952302},
  volume	= {406},
  year		= {2000}
}

@Misc{		  WolframLeastSquares,
  author	= {Weisstein, Eric W.},
  title		= {Least Squares Fitting--Polynomial. {From MathWorld---A
		  Wolfram Web Resource}},
  url		= {\url{http://mathworld.wolfram.com/LeastSquaresFittingPolynomial.html}}
		  ,
  note		= {Last visited on 8/9/2014},
  year		= {2014}
}

@Article{	  Yakovlev2013,
  author	= {{Yakovlev}, D.~G. and {Haensel}, P. and {Baym}, G. and
		  {Pethick}, C. },
  title		= "{Lev Landau and the concept of neutron stars}",
  journal	= {Physics Uspekhi},
  archiveprefix	= "arXiv",
  eprint	= {1210.0682},
  year		= 2013,
  month		= mar,
  volume	= 56,
  eid		= {289},
  pages		= {289-295},
  doi		= {10.3367/UFNe.0183.201303f.0307},
  adsurl	= {http://adsabs.harvard.edu/abs/2013PhyU...56..289Y},
  adsnote	= {Provided by the SAO/NASA Astrophysics Data System}
}
